@misc{compcert,
  title = {{The CompCert Project}},
  howpublished = {\url{http://compcert.inria.fr/}}
}

@misc{coq,
  title = {{The Coq Proof Assistant}},
  howpublished = {\url{https://coq.inria.fr/}}
}

@misc{vst,
  title = {{Verified Software Toolchain}},
  howpublished = {\url{http://vst.cs.princeton.edu/}}
}

@article{mmdb,
  author    = {Franz Faerber and
               Alfons Kemper and
               Per{-}{\AA}ke Larson and
               Justin J. Levandoski and
               Thomas Neumann and
               Andrew Pavlo},
  title     = {Main Memory Database Systems},
  journal   = {Foundations and Trends in Databases},
  volume    = {8},
  number    = {1-2},
  pages     = {1--130},
  year      = {2017},
  url       = {https://doi.org/10.1561/1900000058},
  doi       = {10.1561/1900000058},
  timestamp = {Wed, 23 Aug 2017 15:40:15 +0200},
  biburl    = {https://dblp.org/rec/bib/journals/ftdb/FaerberKLLNP17},
  bibsource = {dblp computer science bibliography, https://dblp.org}
}

@book{dbms,
  author    = {Raghu Ramakrishnan and
               Johannes Gehrke},
  title     = {Database management systems {(3.} ed.)},
  publisher = {McGraw-Hill},
  year      = {2003},
  isbn      = {978-0-07-115110-8},
  timestamp = {Thu, 14 Apr 2011 14:43:21 +0200},
  biburl    = {https://dblp.org/rec/bib/books/daglib/0011128},
  bibsource = {dblp computer science bibliography, https://dblp.org}
}

@inproceedings{masstree,
  author    = {Yandong Mao and
               Eddie Kohler and
               Robert Tappan Morris},
  title     = {Cache craftiness for fast multicore key-value storage},
  booktitle = {European Conference on Computer Systems, Proceedings of the Seventh
               EuroSys Conference 2012, EuroSys '12, Bern, Switzerland, April 10-13,
               2012},
  pages     = {183--196},
  year      = {2012},
  url       = {http://doi.acm.org/10.1145/2168836.2168855},
  doi       = {10.1145/2168836.2168855},
  timestamp = {Thu, 19 Apr 2012 14:59:21 +0200},
  biburl    = {https://dblp.org/rec/bib/conf/eurosys/MaoKM12},
  bibsource = {dblp computer science bibliography, https://dblp.org}
}

@manual{vc,
  author = {Andrew Appel},
  title = {{Verifiable C: Applying the Verified Software Toolchain to C programs}},
  year = {2018},
  howpublished = {\url{http://vst.cs.princeton.edu/download/VC.pdf}}
}